@Article{ArticleOneA,
  author        = {{Adams}, P.~I.},
  journal       = {journal},
  title         = {{A title for this paper}},
  year          = {1994},
  pages         = {pages},
  volume        = {volume},
  adsurl        = {https://ui.adsabs.harvard.edu/about/},
  doi           = {10.1000/182},
}

@Article{ArticleOneB,
  author        = {{Adams}, P.~I.},
  journal       = {\aj},
  title         = {{Another title for a paper}},
  year          = {1995},
  pages         = {141592},
  volume        = {3},
  adsurl        = {https://ui.adsabs.harvard.edu/about/},
  doi           = {10.1000/182},
}

@Article{ArticleTwo,
  author        = {{Baker}, E. and {Brown}, E.},
  journal       = {\apj},
  title         = {{Title for two author}},
  year          = {1991},
  month         = aug,
  pages         = {71828},
  volume        = {2},
  adsurl        = {https://ui.adsabs.harvard.edu/about/},
  doi           = {10.1000/182},
}

@Article{ArticleThree,
  author        = {{Smith}, A. and {Jones}, P. and {Brown}, J.},
  journal       = {\mnras},
  title         = {{Title for three author}},
  year          = {2001},
  month         = aug,
  pages         = {2025},
  volume        = {25},
  adsurl        = {https://ui.adsabs.harvard.edu/about/},
  doi           = {10.1000/182},
}

@Article{ArticleFourA,
  author        = {{Watson}, B. G. and {Smith}, A. and {Jones}, P. and {Brown}, J.},
  journal       = {\aap},
  title         = {{Title for four author}},
  year          = {1994},
  month         = aug,
  pages         = {42},
  volume        = {13},
  adsurl        = {https://ui.adsabs.harvard.edu/about/},
  doi           = {10.1000/182},
}

@Article{ArticleFourB,
  author        = {{Williams}, B. G. and {Smith}, A. and {Jones}, P. and {Brown}, J.},
  journal       = {\nat},
  title         = {{Title for four author}},
  year          = {2000},
  month         = aug,
  pages         = {1},
  volume        = {1},
  adsurl        = {https://ui.adsabs.harvard.edu/about/},
  doi           = {10.1000/182},
}

@Article{ArticleFourC,
  author        = {{Williams}, B. G. and {Smith}, A. and {Jones}, P. and {Brown}, J.},
  journal       = {\apj},
  title         = {{Title for four author}},
  year          = {2000},
  month         = aug,
  pages         = {2},
  volume        = {2},
  adsurl        = {https://ui.adsabs.harvard.edu/about/},
  doi           = {10.1000/182},
}

@Book{Book,
  author    = {{Brown}, A.~B.~C.},
  publisher = {Publisher},
  title     = {{Title of the book}},
  year      = {2005},
  adsurl    = {https://ui.adsabs.harvard.edu/about/},
  doi       = {10.1000/182},
}

@InBook{InBook,
  author        = {{Irwin}, E. and {Baker}, F.~G.},
  pages         = {12--256},
  publisher     = {Publisher},
  title         = {{Title of chapter}},
  year          = {2016},
  adsurl        = {https://ui.adsabs.harvard.edu/about/},
  booktitle     = {Booktitle},
  doi           = {10.1000/182},
}

@InProceedings{InProceedings,
  author        = {{Iverson}, H. and {Parker}, B. G. and {Green}, A.},
  booktitle     = {{Title of the series}},
  title         = {{Title of the article}},
  year          = {2017},
  month         = oct,
  pages         = {141-168},
  volume        = {2},
  adsurl        = {https://ui.adsabs.harvard.edu/about/},
  doi           = {10.1000/182},
}

@Misc{Misc,
  author    = {{Miller}, I.},
  month     = dec,
  title     = {Can be anything},
  year      = {2014},
  doi       = {10.1000/182},
  publisher = {Publisher},
  url       = {https://www.doi.org/the-identifier/what-is-a-doi/},
}

@Unpublished{Unpublished,
  author  = {{Underwood}, J. and {Johnson}, Z. and {Lee}, P. and {Martin}, F. {Williams}, B. G. and {Smith}, A. and {Jones}, P. and {Brown}, J.},
  note    = {in preparation},
  title   = {No title yet},
  month   = may,
  year    = {2025},
  journal = {\aap},
}


