@Article{Anand+2021a,
  author        = {{Anand}, Gagandeep S. and {Lee}, Janice C. and {Van Dyk}, Schuyler D. and {Leroy}, Adam K. and {Rosolowsky}, Erik and {Schinnerer}, Eva and {Larson}, Kirsten and {Kourkchi}, Ehsan and {Kreckel}, Kathryn and {Scheuermann}, Fabian and {Rizzi}, Luca and {Thilker}, David and {Tully}, R. Brent and {Bigiel}, Frank and {Blanc}, Guillermo A. and {Boquien}, M{\'e}d{\'e}ric and {Chandar}, Rupali and {Dale}, Daniel and {Emsellem}, Eric and {Deger}, Sinan and {Glover}, Simon C.~O. and {Grasha}, Kathryn and {Groves}, Brent and {Klessen}, Ralf S. and {Kruijssen}, J.~M. Diederik and {Querejeta}, Miguel and {S{\'a}nchez-Bl{\'a}zquez}, Patricia and {Schruba}, Andreas and {Turner}, Jordan and {Ubeda}, Leonardo and {Williams}, Thomas G. and {Whitmore}, Brad},
  journal       = {\mnras},
  title         = {{Distances to PHANGS galaxies: New tip of the red giant branch measurements and adopted distances}},
  year          = {2021},
  month         = mar,
  number        = {3},
  pages         = {3621-3639},
  volume        = {501},
  adsnote       = {Provided by the SAO/NASA Astrophysics Data System},
  adsurl        = {https://ui.adsabs.harvard.edu/abs/2021MNRAS.501.3621A},
  archiveprefix = {arXiv},
  doi           = {10.1093/mnras/staa3668},
  eprint        = {2012.00757},
  file          = {:PHANGS/Anand+2021MNRAS.501.3621A.pdf:PDF},
  groups        = {PHANGS, Distances},
  keywords      = {galaxies: fundamental parameters, galaxies: stellar content, distance scale, Astrophysics - Astrophysics of Galaxies, Astrophysics - Cosmology and Nongalactic Astrophysics},
  primaryclass  = {astro-ph.GA},
}

@Article{Anand+2021b,
  author        = {{Anand}, Gagandeep S. and {Rizzi}, Luca and {Tully}, R. Brent and {Shaya}, Edward J. and {Karachentsev}, Igor D. and {Makarov}, Dmitry I. and {Makarova}, Lidia and {Wu}, Po-Feng and {Dolphin}, Andrew E. and {Kourkchi}, Ehsan},
  journal       = {\aj},
  title         = {{The Extragalactic Distance Database: The Color-Magnitude Diagrams/Tip of the Red Giant Branch Distance Catalog}},
  year          = {2021},
  month         = aug,
  number        = {2},
  pages         = {80},
  volume        = {162},
  adsnote       = {Provided by the SAO/NASA Astrophysics Data System},
  adsurl        = {https://ui.adsabs.harvard.edu/abs/2021AJ....162...80A},
  archiveprefix = {arXiv},
  doi           = {10.3847/1538-3881/ac0440},
  eid           = {80},
  eprint        = {2104.02649},
  groups        = {Distances},
  keywords      = {HST photometry, Astronomy databases, Stellar distance, Red giant tip, Hertzsprung Russell diagram, 756, 83, 1595, 1371, 725, Astrophysics - Astrophysics of Galaxies},
  primaryclass  = {astro-ph.GA},
}

@Article{Baldwin+1981,
  author   = {{Baldwin}, J.~A. and {Phillips}, M.~M. and {Terlevich}, R.},
  journal  = {\pasp},
  title    = {{Classification parameters for the emission-line spectra of extragalactic objects.}},
  year     = {1981},
  month    = feb,
  pages    = {5-19},
  volume   = {93},
  adsnote  = {Provided by the SAO/NASA Astrophysics Data System},
  adsurl   = {https://ui.adsabs.harvard.edu/abs/1981PASP...93....5B},
  doi      = {10.1086/130766},
  file     = {:Galaxies/Emission line diagnostics/Baldwin+1981PASP...93....5B.pdf:PDF},
  keywords = {Astronomical Spectroscopy, Emission Spectra, Line Spectra, Quasars, Seyfert Galaxies, Classifications, H Ii Regions, Photoionization, Planetary Nebulae, Shock Heating, Astrophysics},
}

@Article{Barnes+2022,
  author        = {{Barnes}, A.~T. and {Chandar}, R. and {Kreckel}, K. and {Glover}, S.~C.~O. and {Scheuermann}, F. and {Belfiore}, F. and {Bigiel}, F. and {Blanc}, G.~A. and {Boquien}, M. and {den Brok}, J. and {Congiu}, E. and {Chevance}, M. and {Dale}, D.~A. and {Deger}, S. and {Kruijssen}, J.~M.~D. and {Egorov}, O.~V. and {Eibensteiner}, C. and {Emsellem}, E. and {Grasha}, K. and {Groves}, B. and {Klessen}, R.~S. and {Hannon}, S. and {Hassani}, H. and {Lee}, J.~C. and {Leroy}, A.~K. and {Lopez}, L.~A. and {McLeod}, A.~F. and {Pan}, H. and {S{\'a}nchez-Bl{\'a}zquez}, P. and {Schinnerer}, E. and {Sormani}, M.~C. and {Thilker}, D.~A. and {Ubeda}, L. and {Watkins}, E.~J. and {Williams}, T.~G.},
  journal       = {arXiv e-prints},
  title         = {{Linking stellar populations to HII regions across nearby galaxies: I. Constraining pre-supernova feedback from young clusters in NGC1672}},
  year          = {2022},
  month         = may,
  pages         = {arXiv:2205.05679},
  adsnote       = {Provided by the SAO/NASA Astrophysics Data System},
  adsurl        = {https://ui.adsabs.harvard.edu/abs/2022arXiv220505679B},
  archiveprefix = {arXiv},
  eid           = {arXiv:2205.05679},
  eprint        = {2205.05679},
  keywords      = {Astrophysics - Astrophysics of Galaxies, Astrophysics - Solar and Stellar Astrophysics},
  primaryclass  = {astro-ph.GA},
}

@InProceedings{Ciardullo+2013,
  author    = {{Ciardullo}, Robin},
  booktitle = {Advancing the Physics of Cosmic Distances},
  title     = {{The planetary nebula luminosity function}},
  year      = {2013},
  editor    = {{de Grijs}, Richard},
  month     = feb,
  pages     = {247-254},
  series    = {IAU Symposium},
  volume    = {289},
  adsnote   = {Provided by the SAO/NASA Astrophysics Data System},
  adsurl    = {https://ui.adsabs.harvard.edu/abs/2013IAUS..289..247C},
  doi       = {10.1017/S1743921312021503},
  file      = {:Planetary Nebula/Ciardullo+2013IAUS..289..247C.pdf:PDF},
  groups    = {PNLF},
  keywords  = {distance scale, galaxies: distances and redshifts, planetary nebulae: general},
}

@Article{Ciardullo+2002,
  author        = {{Ciardullo}, Robin and {Feldmeier}, John J. and {Jacoby}, George H. and {Kuzio de Naray}, Rachel and {Laychak}, Mary Beth and {Durrell}, Patrick R.},
  journal       = {\apj},
  title         = {{Planetary Nebulae as Standard Candles. XII. Connecting the Population I and Population II Distance Scales}},
  year          = {2002},
  month         = sep,
  number        = {1},
  pages         = {31-50},
  volume        = {577},
  adsnote       = {Provided by the SAO/NASA Astrophysics Data System},
  adsurl        = {https://ui.adsabs.harvard.edu/abs/2002ApJ...577...31C},
  archiveprefix = {arXiv},
  doi           = {10.1086/342180},
  eprint        = {astro-ph/0206177},
  file          = {:Planetary Nebula/Ciardullo+2002ApJ...577...31C.pdf:PDF},
  groups        = {PNLF, Distances},
  keywords      = {Cosmology: Cosmological Parameters, Cosmology: Distance Scale, Galaxies: Distances and Redshifts, ISM: Planetary Nebulae: General, Astrophysics},
  primaryclass  = {astro-ph},
}

@Article{Ciardullo+1989b,
  author   = {{Ciardullo}, Robin and {Jacoby}, George H. and {Ford}, Holland C.},
  journal  = {\apj},
  title    = {{Planetary Nebulae as Standard Candles. IV. A Test in the Leo I Group}},
  year     = {1989},
  month    = sep,
  pages    = {715},
  volume   = {344},
  adsnote  = {Provided by the SAO/NASA Astrophysics Data System},
  adsurl   = {https://ui.adsabs.harvard.edu/abs/1989ApJ...344..715C},
  doi      = {10.1086/167836},
  groups   = {PNLF},
  keywords = {Galactic Bulge, Planetary Nebulae, Stellar Luminosity, Distance, Luminosity, Oxygen Spectra, Stellar Evolution, Astrophysics, GALAXIES: DISTANCES, GALAXIES: INDIVIDUAL NGC NUMBER: NGC 3377, GALAXIES: INDIVIDUAL NGC NUMBER: NGC 3379, GALAXIES: INDIVIDUAL NGC NUMBER: NGC 3384, GALAXIES: STELLAR CONTENT, LUMINOSITY FUNCTION, NEBULAE: PLANETARY},
}

@Article{Ciardullo+1989a,
  author   = {{Ciardullo}, Robin and {Jacoby}, George H. and {Ford}, Holland C. and {Neill}, James D.},
  journal  = {\apj},
  title    = {{Planetary Nebulae as Standard Candles. II. The Calibration in M31 and Its Companions}},
  year     = {1989},
  month    = apr,
  pages    = {53},
  volume   = {339},
  adsnote  = {Provided by the SAO/NASA Astrophysics Data System},
  adsurl   = {https://ui.adsabs.harvard.edu/abs/1989ApJ...339...53C},
  doi      = {10.1086/167275},
  groups   = {PNLF},
  keywords = {Andromeda Galaxy, Elliptical Galaxies, Luminosity, Planetary Nebulae, Astrometry, Astronomical Photometry, Charge Coupled Devices, Computational Astrophysics, Spatial Distribution, Astrophysics, GALAXIES: INDIVIDUAL MESSIER NUMBER: M31, GALAXIES: STELLAR CONTENT, LUMINOSITY FUNCTION, NEBULAE: PLANETARY},
}

@Article{Emsellem+2022,
  author        = {{Emsellem}, Eric and {Schinnerer}, Eva and {Santoro}, Francesco and {Belfiore}, Francesco and {Pessa}, Ismael and {McElroy}, Rebecca and {Blanc}, Guillermo A. and {Congiu}, Enrico and {Groves}, Brent and {Ho}, I. -Ting and {Kreckel}, Kathryn and {Razza}, Alessandro and {Sanchez-Blazquez}, Patricia and {Egorov}, Oleg and {Faesi}, Chris and {Klessen}, Ralf S. and {Leroy}, Adam K. and {Meidt}, Sharon and {Querejeta}, Miguel and {Rosolowsky}, Erik and {Scheuermann}, Fabian and {Anand}, Gagandeep S. and {Barnes}, Ashley T. and {Be{\v{s}}li{\'c}}, Ivana and {Bigiel}, Frank and {Boquien}, M{\'e}d{\'e}ric and {Cao}, Yixian and {Chevance}, M{\'e}lanie and {Dale}, Daniel A. and {Eibensteiner}, Cosima and {Glover}, Simon C.~O. and {Grasha}, Kathryn and {Henshaw}, Jonathan D. and {Hughes}, Annie and {Koch}, Eric W. and {Kruijssen}, J.~M. Diederik and {Lee}, Janice and {Liu}, Daizhong and {Pan}, Hsi-An and {Pety}, J{\'e}r{\^o}me and {Saito}, Toshiki and {Sandstrom}, Karin M. and {Schruba}, Andreas and {Sun}, Jiayi and {Thilker}, David A. and {Usero}, Antonio and {Watkins}, Elizabeth J. and {Williams}, Thomas G.},
  journal       = {\aap},
  title         = {{The PHANGS-MUSE survey. Probing the chemo-dynamical evolution of disc galaxies}},
  year          = {2022},
  month         = mar,
  pages         = {A191},
  volume        = {659},
  adsnote       = {Provided by the SAO/NASA Astrophysics Data System},
  adsurl        = {https://ui.adsabs.harvard.edu/abs/2022A&A...659A.191E},
  archiveprefix = {arXiv},
  doi           = {10.1051/0004-6361/202141727},
  eid           = {A191},
  eprint        = {2110.03708},
  groups        = {MUSE, PHANGS, survey},
  keywords      = {galaxies: spiral, galaxies: star formation, surveys, techniques: imaging spectroscopy, ISM: general, stars: kinematics and dynamics, Astrophysics - Astrophysics of Galaxies, Astrophysics - Instrumentation and Methods for Astrophysics},
  primaryclass  = {astro-ph.GA},
}

@InProceedings{Ford+1978,
  author    = {{Ford}, H.~C. and {Jenner}, D.~C.},
  booktitle = {\baas},
  title     = {{Planetary Nebulae in the Nuclear Bulge of M81: A New Distance Determination}},
  year      = {1978},
  month     = sep,
  pages     = {665},
  volume    = {10},
  adsnote   = {Provided by the SAO/NASA Astrophysics Data System},
  adsurl    = {https://ui.adsabs.harvard.edu/abs/1978BAAS...10Q.665F},
  file      = {:Planetary Nebula/Ford+1978BAAS...10Q.665F.pdf:PDF},
  groups    = {PNLF},
}

@InProceedings{Jacoby1997,
  author        = {{Jacoby}, George H.},
  booktitle     = {The Extragalactic Distance Scale},
  title         = {{Verifying the Planetary Nebula Luminosity Function Method}},
  year          = {1997},
  editor        = {{Livio}, Mario and {Donahue}, Megan and {Panagia}, Nino},
  month         = jan,
  pages         = {197},
  adsnote       = {Provided by the SAO/NASA Astrophysics Data System},
  adsurl        = {https://ui.adsabs.harvard.edu/abs/1997eds..proc..197J},
  archiveprefix = {arXiv},
  eprint        = {astro-ph/9608128},
  groups        = {PNLF},
  keywords      = {Planetary Nebulae, Luminosity, Virgo Galactic Cluster, Spiral Galaxies, Cepheid Variables, Hubble Constant, Elliptical Galaxies, Distance, Galactic Structure, Astrophysics},
  primaryclass  = {astro-ph},
}

@Article{Jacoby+1989a,
  author   = {{Jacoby}, George H.},
  journal  = {\apj},
  title    = {{Planetary Nebulae as Standard Candles. I. Evolutionary Models}},
  year     = {1989},
  month    = apr,
  pages    = {39},
  volume   = {339},
  adsnote  = {Provided by the SAO/NASA Astrophysics Data System},
  adsurl   = {https://ui.adsabs.harvard.edu/abs/1989ApJ...339...39J},
  doi      = {10.1086/167274},
  file     = {:Planetary Nebula/Jacoby+1989ApJ...339...39J.pdf:PDF},
  groups   = {PNLF},
  keywords = {Astronomical Models, Evolution (Development), Galaxies, Luminosity, Planetary Nebulae, Electron Energy, Emission Spectra, H Beta Line, Mass Distribution, Standards, Stellar Mass, Time Dependence, Astrophysics, GALAXIES: DISTANCES, LUMINOSITY FUNCTION, NEBULAE: PLANETARY},
}

@Article{Kreckel+2017,
  author        = {{Kreckel}, K. and {Groves}, B. and {Bigiel}, F. and {Blanc}, G.~A. and {Kruijssen}, J.~M.~D. and {Hughes}, A. and {Schruba}, A. and {Schinnerer}, E.},
  journal       = {\apj},
  title         = {{A Revised Planetary Nebula Luminosity Function Distance to NGC 628 Using MUSE}},
  year          = {2017},
  month         = jan,
  number        = {2},
  pages         = {174},
  volume        = {834},
  adsnote       = {Provided by the SAO/NASA Astrophysics Data System},
  adsurl        = {https://ui.adsabs.harvard.edu/abs/2017ApJ...834..174K},
  archiveprefix = {arXiv},
  doi           = {10.3847/1538-4357/834/2/174},
  eid           = {174},
  eprint        = {1611.09369},
  file          = {:Planetary Nebula/Kreckel+2017ApJ...834..174K.pdf:PDF},
  groups        = {PNLF, Distances, PHANGS},
  keywords      = {galaxies: distances and redshifts, galaxies: individual: NGC 628, ISM: supernova remnants, planetary nebulae: general, Astrophysics - Astrophysics of Galaxies},
  primaryclass  = {astro-ph.GA},
  readstatus    = {read},
}

@Article{Lee+2022,
  author        = {{Lee}, Janice C. and {Whitmore}, Bradley C. and {Thilker}, David A. and {Deger}, Sinan and {Larson}, Kirsten L. and {Ubeda}, Leonardo and {Anand}, Gagandeep S. and {Boquien}, M{\'e}d{\'e}ric and {Chandar}, Rupali and {Dale}, Daniel A. and {Emsellem}, Eric and {Leroy}, Adam K. and {Rosolowsky}, Erik and {Schinnerer}, Eva and {Schmidt}, Judy and {Lilly}, James and {Turner}, Jordan and {Van Dyk}, Schuyler and {White}, Richard L. and {Barnes}, Ashley T. and {Belfiore}, Francesco and {Bigiel}, Frank and {Blanc}, Guillermo A. and {Cao}, Yixian and {Chevance}, Melanie and {Congiu}, Enrico and {Egorov}, Oleg V. and {Glover}, Simon C.~O. and {Grasha}, Kathryn and {Groves}, Brent and {Henshaw}, Jonathan D. and {Hughes}, Annie and {Klessen}, Ralf S. and {Koch}, Eric and {Kreckel}, Kathryn and {Kruijssen}, J.~M. Diederik and {Liu}, Daizhong and {Lopez}, Laura A. and {Mayker}, Ness and {Meidt}, Sharon E. and {Murphy}, Eric J. and {Pan}, Hsi-An and {Pety}, J{\'e}r{\^o}me and {Querejeta}, Miguel and {Razza}, Alessandro and {Saito}, Toshiki and {S{\'a}nchez-Bl{\'a}zquez}, Patricia and {Santoro}, Francesco and {Sardone}, Amy and {Scheuermann}, Fabian and {Schruba}, Andreas and {Sun}, Jiayi and {Usero}, Antonio and {Watkins}, E. and {Williams}, Thomas G.},
  journal       = {\apjs},
  title         = {{The PHANGS-HST Survey: Physics at High Angular Resolution in Nearby Galaxies with the Hubble Space Telescope}},
  year          = {2022},
  month         = jan,
  number        = {1},
  pages         = {10},
  volume        = {258},
  adsnote       = {Provided by the SAO/NASA Astrophysics Data System},
  adsurl        = {https://ui.adsabs.harvard.edu/abs/2022ApJS..258...10L},
  archiveprefix = {arXiv},
  doi           = {10.3847/1538-4365/ac1fe5},
  eid           = {10},
  eprint        = {2101.02855},
  groups        = {PHANGS, survey},
  keywords      = {1569, 1567, 1833, 1671, 1560, 761, Astrophysics - Astrophysics of Galaxies},
  primaryclass  = {astro-ph.GA},
}

@Article{Leroy+2021a,
  author        = {{Leroy}, Adam K. and {Hughes}, Annie and {Liu}, Daizhong and {Pety}, J{\'e}r{\^o}me and {Rosolowsky}, Erik and {Saito}, Toshiki and {Schinnerer}, Eva and {Schruba}, Andreas and {Usero}, Antonio and {Faesi}, Christopher M. and {Herrera}, Cinthya N. and {Chevance}, M{\'e}lanie and {Hygate}, Alexander P.~S. and {Kepley}, Amanda A. and {Koch}, Eric W. and {Querejeta}, Miguel and {Sliwa}, Kazimierz and {Will}, David and {Wilson}, Christine D. and {Anand}, Gagandeep S. and {Barnes}, Ashley and {Belfiore}, Francesco and {Be{\v{s}}li{\'c}}, Ivana and {Bigiel}, Frank and {Blanc}, Guillermo A. and {Bolatto}, Alberto D. and {Boquien}, M{\`e}d{\`e}ric and {Cao}, Yixian and {Chandar}, Rupali and {Chastenet}, J{\'e}r{\'e}my and {Chiang}, I. -Da and {Congiu}, Enrico and {Dale}, Daniel A. and {Deger}, Sinan and {den Brok}, Jakob S. and {Eibensteiner}, Cosima and {Emsellem}, Eric and {Garc{\'\i}a-Rodr{\'\i}guez}, Axel and {Glover}, Simon C.~O. and {Grasha}, Kathryn and {Groves}, Brent and {Henshaw}, Jonathan D. and {Jim{\'e}nez Donaire}, Mar{\'\i}a J. and {Kim}, Jaeyeon and {Klessen}, Ralf S. and {Kreckel}, Kathryn and {Kruijssen}, J.~M. Diederik and {Larson}, Kirsten L. and {Lee}, Janice C. and {Mayker}, Ness and {McElroy}, Rebecca and {Meidt}, Sharon E. and {Mok}, Angus and {Pan}, Hsi-An and {Puschnig}, Johannes and {Razza}, Alessandro and {S{\'a}nchez-Bl'azquez}, Patricia and {Sandstrom}, Karin M. and {Santoro}, Francesco and {Sardone}, Amy and {Scheuermann}, Fabian and {Sun}, Jiayi and {Thilker}, David A. and {Turner}, Jordan A. and {Ubeda}, Leonardo and {Utomo}, Dyas and {Watkins}, Elizabeth J. and {Williams}, Thomas G.},
  journal       = {\apjs},
  title         = {{PHANGS-ALMA Data Processing and Pipeline}},
  year          = {2021},
  month         = jul,
  number        = {1},
  pages         = {19},
  volume        = {255},
  adsnote       = {Provided by the SAO/NASA Astrophysics Data System},
  adsurl        = {https://ui.adsabs.harvard.edu/abs/2021ApJS..255...19L},
  archiveprefix = {arXiv},
  doi           = {10.3847/1538-4365/abec80},
  eid           = {19},
  eprint        = {2104.07665},
  groups        = {PHANGS, survey},
  keywords      = {Radio interferometry, Interstellar medium, CO line emission, Millimeter astronomy, Astronomy data reduction, Galaxies, Star formation, 1346, 847, 262, 1061, 1861, 573, 1569, Astrophysics - Instrumentation and Methods for Astrophysics, Astrophysics - Astrophysics of Galaxies},
  primaryclass  = {astro-ph.IM},
}

@Article{Leroy+2021b,
  author        = {{Leroy}, Adam K. and {Schinnerer}, Eva and {Hughes}, Annie and {Rosolowsky}, Erik and {Pety}, J{\'e}r{\^o}me and {Schruba}, Andreas and {Usero}, Antonio and {Blanc}, Guillermo A. and {Chevance}, M{\'e}lanie and {Emsellem}, Eric and {Faesi}, Christopher M. and {Herrera}, Cinthya N. and {Liu}, Daizhong and {Meidt}, Sharon E. and {Querejeta}, Miguel and {Saito}, Toshiki and {Sandstrom}, Karin M. and {Sun}, Jiayi and {Williams}, Thomas G. and {Anand}, Gagandeep S. and {Barnes}, Ashley T. and {Behrens}, Erica A. and {Belfiore}, Francesco and {Benincasa}, Samantha M. and {Be{\v{s}}li{\'c}}, Ivana and {Bigiel}, Frank and {Bolatto}, Alberto D. and {den Brok}, Jakob S. and {Cao}, Yixian and {Chandar}, Rupali and {Chastenet}, J{\'e}r{\'e}my and {Chiang}, I. -Da and {Congiu}, Enrico and {Dale}, Daniel A. and {Deger}, Sinan and {Eibensteiner}, Cosima and {Egorov}, Oleg V. and {Garc{\'\i}a-Rodr{\'\i}guez}, Axel and {Glover}, Simon C.~O. and {Grasha}, Kathryn and {Henshaw}, Jonathan D. and {Ho}, I. -Ting and {Kepley}, Amanda A. and {Kim}, Jaeyeon and {Klessen}, Ralf S. and {Kreckel}, Kathryn and {Koch}, Eric W. and {Kruijssen}, J.~M. Diederik and {Larson}, Kirsten L. and {Lee}, Janice C. and {Lopez}, Laura A. and {Machado}, Josh and {Mayker}, Ness and {McElroy}, Rebecca and {Murphy}, Eric J. and {Ostriker}, Eve C. and {Pan}, Hsi-An and {Pessa}, Ismael and {Puschnig}, Johannes and {Razza}, Alessandro and {S{\'a}nchez-Bl{\'a}zquez}, Patricia and {Santoro}, Francesco and {Sardone}, Amy and {Scheuermann}, Fabian and {Sliwa}, Kazimierz and {Sormani}, Mattia C. and {Stuber}, Sophia K. and {Thilker}, David A. and {Turner}, Jordan A. and {Utomo}, Dyas and {Watkins}, Elizabeth J. and {Whitmore}, Bradley},
  journal       = {\apjs},
  title         = {{PHANGS-ALMA: Arcsecond CO(2-1) Imaging of Nearby Star-forming Galaxies}},
  year          = {2021},
  month         = dec,
  number        = {2},
  pages         = {43},
  volume        = {257},
  adsnote       = {Provided by the SAO/NASA Astrophysics Data System},
  adsurl        = {https://ui.adsabs.harvard.edu/abs/2021ApJS..257...43L},
  archiveprefix = {arXiv},
  doi           = {10.3847/1538-4365/ac17f3},
  eid           = {43},
  eprint        = {2104.07739},
  groups        = {PHANGS, survey},
  keywords      = {847, 653, 1560, 1061, 594, 262, 136, 391, 573, 1569, 1338, 1602, Astrophysics - Astrophysics of Galaxies},
  primaryclass  = {astro-ph.GA},
}

@Book{Osterbrock+2006,
  author    = {{Osterbrock}, Donald E. and {Ferland}, Gary J.},
  publisher = {University Science Books},
  title     = {{Astrophysics of gaseous nebulae and active galactic nuclei}},
  year      = {2006},
  adsnote   = {Provided by the SAO/NASA Astrophysics Data System},
  adsurl    = {https://ui.adsabs.harvard.edu/abs/2006agna.book.....O},
}

@Article{Scheuermann+2022,
  author        = {{Scheuermann}, Fabian and {Kreckel}, Kathryn and {Anand}, Gagandeep S. and {Blanc}, Guillermo A. and {Congiu}, Enrico and {Santoro}, Francesco and {Van Dyk}, Schuyler D. and {Barnes}, Ashley T. and {Bigiel}, Frank and {Glover}, Simon C.~O. and {Groves}, Brent and {Klessen}, Ralf S. and {Kruijssen}, J.~M. Diederik and {Rosolowsky}, Erik and {Schinnerer}, Eva and {Schruba}, Andreas and {Watkins}, Elizabeth J. and {Williams}, Thomas G.},
  journal       = {\mnras},
  title         = {{Planetary nebula luminosity function distances for 19 galaxies observed by PHANGS-MUSE}},
  year          = {2022},
  month         = apr,
  number        = {4},
  pages         = {6087-6109},
  volume        = {511},
  adsnote       = {Provided by the SAO/NASA Astrophysics Data System},
  adsurl        = {https://ui.adsabs.harvard.edu/abs/2022MNRAS.511.6087S},
  archiveprefix = {arXiv},
  doi           = {10.1093/mnras/stac110},
  eprint        = {2201.04641},
  groups        = {PNLF, Distances, PHANGS},
  keywords      = {galaxies: distances and redshifts, ISM: supernova remnant, planetary nebulae: general},
}