@Article{Anand+2021a,
  author        = {{Anand}, Gagandeep S. and {Lee}, Janice C. and {Van Dyk}, Schuyler D. and {Leroy}, Adam K. and {Rosolowsky}, Erik and {Schinnerer}, Eva and {Larson}, Kirsten and {Kourkchi}, Ehsan and {Kreckel}, Kathryn and {Scheuermann}, Fabian and {Rizzi}, Luca and {Thilker}, David and {Tully}, R. Brent and {Bigiel}, Frank and {Blanc}, Guillermo A. and {Boquien}, M{\'e}d{\'e}ric and {Chandar}, Rupali and {Dale}, Daniel and {Emsellem}, Eric and {Deger}, Sinan and {Glover}, Simon C.~O. and {Grasha}, Kathryn and {Groves}, Brent and {Klessen}, Ralf S. and {Kruijssen}, J.~M. Diederik and {Querejeta}, Miguel and {S{\'a}nchez-Bl{\'a}zquez}, Patricia and {Schruba}, Andreas and {Turner}, Jordan and {Ubeda}, Leonardo and {Williams}, Thomas G. and {Whitmore}, Brad},
  journal       = {\mnras},
  title         = {{Distances to PHANGS galaxies: New tip of the red giant branch measurements and adopted distances}},
  year          = {2021},
  month         = mar,
  number        = {3},
  pages         = {3621-3639},
  volume        = {501},
  adsnote       = {Provided by the SAO/NASA Astrophysics Data System},
  adsurl        = {https://ui.adsabs.harvard.edu/abs/2021MNRAS.501.3621A},
  archiveprefix = {arXiv},
  doi           = {10.1093/mnras/staa3668},
  eprint        = {2012.00757},
  file          = {:PHANGS/Anand+2021MNRAS.501.3621A.pdf:PDF},
  groups        = {PHANGS, Distances},
  keywords      = {galaxies: fundamental parameters, galaxies: stellar content, distance scale, Astrophysics - Astrophysics of Galaxies, Astrophysics - Cosmology and Nongalactic Astrophysics},
  primaryclass  = {astro-ph.GA},
}

@Article{Barnes+2022,
  author        = {{Barnes}, A.~T. and {Chandar}, R. and {Kreckel}, K. and {Glover}, S.~C.~O. and {Scheuermann}, F. and {Belfiore}, F. and {Bigiel}, F. and {Blanc}, G.~A. and {Boquien}, M. and {den Brok}, J. and {Congiu}, E. and {Chevance}, M. and {Dale}, D.~A. and {Deger}, S. and {Kruijssen}, J.~M.~D. and {Egorov}, O.~V. and {Eibensteiner}, C. and {Emsellem}, E. and {Grasha}, K. and {Groves}, B. and {Klessen}, R.~S. and {Hannon}, S. and {Hassani}, H. and {Lee}, J.~C. and {Leroy}, A.~K. and {Lopez}, L.~A. and {McLeod}, A.~F. and {Pan}, H. and {S{\'a}nchez-Bl{\'a}zquez}, P. and {Schinnerer}, E. and {Sormani}, M.~C. and {Thilker}, D.~A. and {Ubeda}, L. and {Watkins}, E.~J. and {Williams}, T.~G.},
  journal       = {arXiv e-prints},
  title         = {{Linking stellar populations to HII regions across nearby galaxies: I. Constraining pre-supernova feedback from young clusters in NGC1672}},
  year          = {2022},
  month         = may,
  pages         = {arXiv:2205.05679},
  adsnote       = {Provided by the SAO/NASA Astrophysics Data System},
  adsurl        = {https://ui.adsabs.harvard.edu/abs/2022arXiv220505679B},
  archiveprefix = {arXiv},
  eid           = {arXiv:2205.05679},
  eprint        = {2205.05679},
  keywords      = {Astrophysics - Astrophysics of Galaxies, Astrophysics - Solar and Stellar Astrophysics},
  primaryclass  = {astro-ph.GA},
}

@Article{Emsellem+2022,
  author        = {{Emsellem}, Eric and {Schinnerer}, Eva and {Santoro}, Francesco and {Belfiore}, Francesco and {Pessa}, Ismael and {McElroy}, Rebecca and {Blanc}, Guillermo A. and {Congiu}, Enrico and {Groves}, Brent and {Ho}, I. -Ting and {Kreckel}, Kathryn and {Razza}, Alessandro and {Sanchez-Blazquez}, Patricia and {Egorov}, Oleg and {Faesi}, Chris and {Klessen}, Ralf S. and {Leroy}, Adam K. and {Meidt}, Sharon and {Querejeta}, Miguel and {Rosolowsky}, Erik and {Scheuermann}, Fabian and {Anand}, Gagandeep S. and {Barnes}, Ashley T. and {Be{\v{s}}li{\'c}}, Ivana and {Bigiel}, Frank and {Boquien}, M{\'e}d{\'e}ric and {Cao}, Yixian and {Chevance}, M{\'e}lanie and {Dale}, Daniel A. and {Eibensteiner}, Cosima and {Glover}, Simon C.~O. and {Grasha}, Kathryn and {Henshaw}, Jonathan D. and {Hughes}, Annie and {Koch}, Eric W. and {Kruijssen}, J.~M. Diederik and {Lee}, Janice and {Liu}, Daizhong and {Pan}, Hsi-An and {Pety}, J{\'e}r{\^o}me and {Saito}, Toshiki and {Sandstrom}, Karin M. and {Schruba}, Andreas and {Sun}, Jiayi and {Thilker}, David A. and {Usero}, Antonio and {Watkins}, Elizabeth J. and {Williams}, Thomas G.},
  journal       = {\aap},
  title         = {{The PHANGS-MUSE survey. Probing the chemo-dynamical evolution of disc galaxies}},
  year          = {2022},
  month         = mar,
  pages         = {A191},
  volume        = {659},
  adsnote       = {Provided by the SAO/NASA Astrophysics Data System},
  adsurl        = {https://ui.adsabs.harvard.edu/abs/2022A&A...659A.191E},
  archiveprefix = {arXiv},
  doi           = {10.1051/0004-6361/202141727},
  eid           = {A191},
  eprint        = {2110.03708},
  groups        = {MUSE, PHANGS, survey},
  keywords      = {galaxies: spiral, galaxies: star formation, surveys, techniques: imaging spectroscopy, ISM: general, stars: kinematics and dynamics, Astrophysics - Astrophysics of Galaxies, Astrophysics - Instrumentation and Methods for Astrophysics},
  primaryclass  = {astro-ph.GA},
}

@Article{Kreckel+2020,
  author        = {{Kreckel}, Kathryn and {Ho}, I. -Ting and {Blanc}, Guillermo A. and {Glover}, Simon C.~O. and {Groves}, Brent and {Rosolowsky}, Erik and {Bigiel}, Frank and {Boqu{\'{i}}en}, M{\'e}d{\'e}ric and {Chevance}, M{\'e}lanie and {Dale}, Daniel A. and {Deger}, Sinan and {Emsellem}, Eric and {Grasha}, Kathryn and {Kim}, Jenny J. and {Klessen}, Ralf S. and {Kruijssen}, J.~M. Diederik and {Lee}, Janice C. and {Leroy}, Adam K. and {Liu}, Daizhong and {McElroy}, Rebecca and {Meidt}, Sharon E. and {Pessa}, Ismael and {Sanchez-Blazquez}, Patricia and {Sandstrom}, Karin and {Santoro}, Francesco and {Scheuermann}, Fabian and {Schinnerer}, Eva and {Schruba}, Andreas and {Utomo}, Dyas and {Watkins}, Elizabeth J. and {Williams}, Thomas G.},
  journal       = {\mnras},
  title         = {{Measuring the mixing scale of the ISM within nearby spiral galaxies}},
  year          = {2020},
  month         = sep,
  number        = {1},
  pages         = {193-209},
  volume        = {499},
  adsnote       = {Provided by the SAO/NASA Astrophysics Data System},
  adsurl        = {https://ui.adsabs.harvard.edu/abs/2020MNRAS.499..193K},
  archiveprefix = {arXiv},
  doi           = {10.1093/mnras/staa2743},
  eprint        = {2009.02342},
  file          = {:PHANGS/Kreckel+2020MNRAS.499..193K.pdf:PDF},
  groups        = {Metallicities, ISM, PHANGS},
  keywords      = {ISM: abundances, ISM: evolution, galaxies: abundances, galaxies: ISM, Astrophysics - Astrophysics of Galaxies},
  primaryclass  = {astro-ph.GA},
}

@Article{Lee+2022,
  author        = {{Lee}, Janice C. and {Whitmore}, Bradley C. and {Thilker}, David A. and {Deger}, Sinan and {Larson}, Kirsten L. and {Ubeda}, Leonardo and {Anand}, Gagandeep S. and {Boquien}, M{\'e}d{\'e}ric and {Chandar}, Rupali and {Dale}, Daniel A. and {Emsellem}, Eric and {Leroy}, Adam K. and {Rosolowsky}, Erik and {Schinnerer}, Eva and {Schmidt}, Judy and {Lilly}, James and {Turner}, Jordan and {Van Dyk}, Schuyler and {White}, Richard L. and {Barnes}, Ashley T. and {Belfiore}, Francesco and {Bigiel}, Frank and {Blanc}, Guillermo A. and {Cao}, Yixian and {Chevance}, Melanie and {Congiu}, Enrico and {Egorov}, Oleg V. and {Glover}, Simon C.~O. and {Grasha}, Kathryn and {Groves}, Brent and {Henshaw}, Jonathan D. and {Hughes}, Annie and {Klessen}, Ralf S. and {Koch}, Eric and {Kreckel}, Kathryn and {Kruijssen}, J.~M. Diederik and {Liu}, Daizhong and {Lopez}, Laura A. and {Mayker}, Ness and {Meidt}, Sharon E. and {Murphy}, Eric J. and {Pan}, Hsi-An and {Pety}, J{\'e}r{\^o}me and {Querejeta}, Miguel and {Razza}, Alessandro and {Saito}, Toshiki and {S{\'a}nchez-Bl{\'a}zquez}, Patricia and {Santoro}, Francesco and {Sardone}, Amy and {Scheuermann}, Fabian and {Schruba}, Andreas and {Sun}, Jiayi and {Usero}, Antonio and {Watkins}, E. and {Williams}, Thomas G.},
  journal       = {\apjs},
  title         = {{The PHANGS-HST Survey: Physics at High Angular Resolution in Nearby Galaxies with the Hubble Space Telescope}},
  year          = {2022},
  month         = jan,
  number        = {1},
  pages         = {10},
  volume        = {258},
  adsnote       = {Provided by the SAO/NASA Astrophysics Data System},
  adsurl        = {https://ui.adsabs.harvard.edu/abs/2022ApJS..258...10L},
  archiveprefix = {arXiv},
  doi           = {10.3847/1538-4365/ac1fe5},
  eid           = {10},
  eprint        = {2101.02855},
  groups        = {PHANGS, survey},
  keywords      = {1569, 1567, 1833, 1671, 1560, 761, Astrophysics - Astrophysics of Galaxies},
  primaryclass  = {astro-ph.GA},
}

@Article{Leroy+2021a,
  author        = {{Leroy}, Adam K. and {Hughes}, Annie and {Liu}, Daizhong and {Pety}, J{\'e}r{\^o}me and {Rosolowsky}, Erik and {Saito}, Toshiki and {Schinnerer}, Eva and {Schruba}, Andreas and {Usero}, Antonio and {Faesi}, Christopher M. and {Herrera}, Cinthya N. and {Chevance}, M{\'e}lanie and {Hygate}, Alexander P.~S. and {Kepley}, Amanda A. and {Koch}, Eric W. and {Querejeta}, Miguel and {Sliwa}, Kazimierz and {Will}, David and {Wilson}, Christine D. and {Anand}, Gagandeep S. and {Barnes}, Ashley and {Belfiore}, Francesco and {Be{\v{s}}li{\'c}}, Ivana and {Bigiel}, Frank and {Blanc}, Guillermo A. and {Bolatto}, Alberto D. and {Boquien}, M{\`e}d{\`e}ric and {Cao}, Yixian and {Chandar}, Rupali and {Chastenet}, J{\'e}r{\'e}my and {Chiang}, I. -Da and {Congiu}, Enrico and {Dale}, Daniel A. and {Deger}, Sinan and {den Brok}, Jakob S. and {Eibensteiner}, Cosima and {Emsellem}, Eric and {Garc{\'{i}}a-Rodr{\'{i}}guez}, Axel and {Glover}, Simon C.~O. and {Grasha}, Kathryn and {Groves}, Brent and {Henshaw}, Jonathan D. and {Jim{\'e}nez Donaire}, Mar{\'\i}a J. and {Kim}, Jaeyeon and {Klessen}, Ralf S. and {Kreckel}, Kathryn and {Kruijssen}, J.~M. Diederik and {Larson}, Kirsten L. and {Lee}, Janice C. and {Mayker}, Ness and {McElroy}, Rebecca and {Meidt}, Sharon E. and {Mok}, Angus and {Pan}, Hsi-An and {Puschnig}, Johannes and {Razza}, Alessandro and {S{\'a}nchez-Bl'azquez}, Patricia and {Sandstrom}, Karin M. and {Santoro}, Francesco and {Sardone}, Amy and {Scheuermann}, Fabian and {Sun}, Jiayi and {Thilker}, David A. and {Turner}, Jordan A. and {Ubeda}, Leonardo and {Utomo}, Dyas and {Watkins}, Elizabeth J. and {Williams}, Thomas G.},
  journal       = {\apjs},
  title         = {{PHANGS-ALMA Data Processing and Pipeline}},
  year          = {2021},
  month         = jul,
  number        = {1},
  pages         = {19},
  volume        = {255},
  adsnote       = {Provided by the SAO/NASA Astrophysics Data System},
  adsurl        = {https://ui.adsabs.harvard.edu/abs/2021ApJS..255...19L},
  archiveprefix = {arXiv},
  doi           = {10.3847/1538-4365/abec80},
  eid           = {19},
  eprint        = {2104.07665},
  groups        = {PHANGS, survey},
  keywords      = {Radio interferometry, Interstellar medium, CO line emission, Millimeter astronomy, Astronomy data reduction, Galaxies, Star formation, 1346, 847, 262, 1061, 1861, 573, 1569, Astrophysics - Instrumentation and Methods for Astrophysics, Astrophysics - Astrophysics of Galaxies},
  primaryclass  = {astro-ph.IM},
}

@Article{Leroy+2021b,
  author        = {{Leroy}, Adam K. and {Schinnerer}, Eva and {Hughes}, Annie and {Rosolowsky}, Erik and {Pety}, J{\'e}r{\^o}me and {Schruba}, Andreas and {Usero}, Antonio and {Blanc}, Guillermo A. and {Chevance}, M{\'e}lanie and {Emsellem}, Eric and {Faesi}, Christopher M. and {Herrera}, Cinthya N. and {Liu}, Daizhong and {Meidt}, Sharon E. and {Querejeta}, Miguel and {Saito}, Toshiki and {Sandstrom}, Karin M. and {Sun}, Jiayi and {Williams}, Thomas G. and {Anand}, Gagandeep S. and {Barnes}, Ashley T. and {Behrens}, Erica A. and {Belfiore}, Francesco and {Benincasa}, Samantha M. and {Be{\v{s}}li{\'c}}, Ivana and {Bigiel}, Frank and {Bolatto}, Alberto D. and {den Brok}, Jakob S. and {Cao}, Yixian and {Chandar}, Rupali and {Chastenet}, J{\'e}r{\'e}my and {Chiang}, I. -Da and {Congiu}, Enrico and {Dale}, Daniel A. and {Deger}, Sinan and {Eibensteiner}, Cosima and {Egorov}, Oleg V. and {Garc{\'{i}}a-Rodr{\'{i}}guez}, Axel and {Glover}, Simon C.~O. and {Grasha}, Kathryn and {Henshaw}, Jonathan D. and {Ho}, I. -Ting and {Kepley}, Amanda A. and {Kim}, Jaeyeon and {Klessen}, Ralf S. and {Kreckel}, Kathryn and {Koch}, Eric W. and {Kruijssen}, J.~M. Diederik and {Larson}, Kirsten L. and {Lee}, Janice C. and {Lopez}, Laura A. and {Machado}, Josh and {Mayker}, Ness and {McElroy}, Rebecca and {Murphy}, Eric J. and {Ostriker}, Eve C. and {Pan}, Hsi-An and {Pessa}, Ismael and {Puschnig}, Johannes and {Razza}, Alessandro and {S{\'a}nchez-Bl{\'a}zquez}, Patricia and {Santoro}, Francesco and {Sardone}, Amy and {Scheuermann}, Fabian and {Sliwa}, Kazimierz and {Sormani}, Mattia C. and {Stuber}, Sophia K. and {Thilker}, David A. and {Turner}, Jordan A. and {Utomo}, Dyas and {Watkins}, Elizabeth J. and {Whitmore}, Bradley},
  journal       = {\apjs},
  title         = {{PHANGS-ALMA: Arcsecond CO(2-1) Imaging of Nearby Star-forming Galaxies}},
  year          = {2021},
  month         = dec,
  number        = {2},
  pages         = {43},
  volume        = {257},
  adsnote       = {Provided by the SAO/NASA Astrophysics Data System},
  adsurl        = {https://ui.adsabs.harvard.edu/abs/2021ApJS..257...43L},
  archiveprefix = {arXiv},
  doi           = {10.3847/1538-4365/ac17f3},
  eid           = {43},
  eprint        = {2104.07739},
  groups        = {PHANGS, survey},
  keywords      = {847, 653, 1560, 1061, 594, 262, 136, 391, 573, 1569, 1338, 1602, Astrophysics - Astrophysics of Galaxies},
  primaryclass  = {astro-ph.GA},
}

@Article{Scheuermann+2022,
  author        = {{Scheuermann}, Fabian and {Kreckel}, Kathryn and {Anand}, Gagandeep S. and {Blanc}, Guillermo A. and {Congiu}, Enrico and {Santoro}, Francesco and {Van Dyk}, Schuyler D. and {Barnes}, Ashley T. and {Bigiel}, Frank and {Glover}, Simon C.~O. and {Groves}, Brent and {Klessen}, Ralf S. and {Kruijssen}, J.~M. Diederik and {Rosolowsky}, Erik and {Schinnerer}, Eva and {Schruba}, Andreas and {Watkins}, Elizabeth J. and {Williams}, Thomas G.},
  journal       = {\mnras},
  title         = {{Planetary nebula luminosity function distances for 19 galaxies observed by PHANGS-MUSE}},
  year          = {2022},
  month         = apr,
  number        = {4},
  pages         = {6087-6109},
  volume        = {511},
  adsnote       = {Provided by the SAO/NASA Astrophysics Data System},
  adsurl        = {https://ui.adsabs.harvard.edu/abs/2022MNRAS.511.6087S},
  archiveprefix = {arXiv},
  doi           = {10.1093/mnras/stac110},
  eprint        = {2201.04641},
  groups        = {PNLF, Distances, PHANGS},
  keywords      = {galaxies: distances and redshifts, ISM: supernova remnant, planetary nebulae: general},
  usera = {1},
}
